@misc{wiki:PPP_(complexity),
   author = "Wikipedia",
   title = "{PPP (complexity)} --- {W}ikipedia{,} The Free Encyclopedia",
   year = "2023",
   howpublished = {\url{http://en.wikipedia.org/w/index.php?title=PPP\%20(complexity)&oldid=1000082653}},
   note = "[Online; accessed 24-July-2023]"
 }

@misc{wiki:PPAD_(complexity),
   author = "Wikipedia",
   title = "{PPAD (complexity)} --- {W}ikipedia{,} The Free Encyclopedia",
   year = "2023",
   howpublished = {\url{http://en.wikipedia.org/w/index.php?title=PPAD\%20(complexity)&oldid=1152215274}},
   note = "[Online; accessed 24-July-2023]"
 }

@online{lecture_notes:lec8,
    author = "{Alan Deckelbaum, Anthony Kim}",
    title = "{ Topics in Algorithmic Game Theory:}Lecture 8",
    year = "2010",
    howpublished = {\url{http://people.csail.mit.edu/costis/6896sp10/lec8.pdf}},
    urldate = {2010-03-01}
}