@misc{wiki:Arrow-Debreu_model,
   author = "Wikipedia",
   title = "{Arrow-Debreu model} --- {W}ikipedia{,} The Free Encyclopedia",
   year = "2023",
   howpublished = {\url{http://en.wikipedia.org/w/index.php?title=Arrow\%E2\%80\%93Debreu\%20model&oldid=1157493288}},
   note = "[Online; accessed 27-July-2023]"
 }

@article{DBLP:journals/corr/PlautR17,
  author       = {Benjamin Plaut and
                  Tim Roughgarden},
  title        = {Almost Envy-Freeness with General Valuations},
  journal      = {CoRR},
  volume       = {abs/1707.04769},
  year         = {2017},
  url          = {http://arxiv.org/abs/1707.04769},
  eprinttype    = {arXiv},
  eprint       = {1707.04769},
  timestamp    = {Mon, 13 Aug 2018 16:47:24 +0200},
  biburl       = {https://dblp.org/rec/journals/corr/PlautR17.bib},
  bibsource    = {dblp computer science bibliography, https://dblp.org}
}