@article{greenwade93,
    author  = "George D. Greenwade",
    title   = "The {C}omprehensive {T}ex {A}rchive {N}etwork ({CTAN})",
    year    = "1993",
    journal = "TUGBoat",
    volume  = "14",
    number  = "3",
    pages   = "342--351"
}

@misc{latex_wiki,
    author = "维基百科",
    title = "LaTeX --- 维基百科{,} 自由的百科全书",
    year = "2023",
    url = "\url{https://zh.wikipedia.org/w/index.php?title=LaTeX&oldid=76938842}",
    note = "[Online; accessed 2304; 2023]"
}